% vim:ts=4:sw=4

@ARTICLE{Adeson2009,
  author =       {Adeson},
  title =        {to do},
  journal =      {APJ},
  year =         {0},
  volume =       {0},
  pages =        {0},
}

@ARTICLE{Benjamin2003,
  author =       {Benjamin},
  title =        {to do},
  journal =      {APJ},
  year =         {0},
  volume =       {0},
  pages =        {0},
}

@ARTICLE{Bertoldi1989,
  author =       {Bertoldi},
  title =        {to do},
  journal =      {APJ},
  year =         {0},
  volume =       {0},
  pages =        {0},
}


@ARTICLE{Buckle2009,
  author =       {Buckle},
  title =        {to do},
  journal =      {MNRAS},
  year =         {2009},
  volume =       {399},
  pages =        {1026},
}

@ARTICLE{Carey2009,
  author =       {Carey},
  title =        {to do},
  journal =      {APJ},
  year =         {0},
  volume =       {0},
  pages =        {0},
}

@ARTICLE{Churchwell2006,
  author =       {Churchwell},
  title =        {The Bubbling Disk},
  journal =      {APJ},
  year =         {2006},
  volume =       {649},
  pages =        {759},
}

@ARTICLE{Churchwell2007,
  author =       {Churchwell},
  title =        {to do},
  journal =      {APJ},
  year =         {0},
  volume =       {0},
  pages =        {0},
}

@ARTICLE{Churchwell2009,
  author =       {Churchwell},
  title =        {to do},
  journal =      {APJ},
  year =         {0},
  volume =       {0},
  pages =        {0},
}

@ARTICLE{Dale2007,
  author =       {Dale},
  title =        {to do},
  journal =      {APJ},
  year =         {0},
  volume =       {0},
  pages =        {0},
}

@ARTICLE{Dale2012,
  author =       {Dale},
  title =        {to do},
  journal =      {APJ},
  year =         {0},
  volume =       {0},
  pages =        {0},
}

@ARTICLE{Dale2013,
  author =       {Dale},
  title =        {to do},
  journal =      {APJ},
  year =         {0},
  volume =       {0},
  pages =        {0},
}

@ARTICLE{Deharveng2005,
  author =       {Deharveng},
  title =        {to do},
  journal =      {APJ},
  year =         {0},
  volume =       {0},
  pages =        {0},
}

@ARTICLE{Deharveng2008,
  author =       {Deharveng},
  title =        {to do},
  journal =      {APJ},
  year =         {0},
  volume =       {0},
  pages =        {0},
}

@ARTICLE{Deharveng2010,
  author =       {Deharveng},
  title =        {to do},
  journal =      {AA},
  year =         {2003},
  volume =       {41},
  pages =        {57},
}

@ARTICLE{Dewangan2013,
  author =       {Dewangan},
  title =        {to do},
  journal =      {AA},
  year =         {2003},
  volume =       {41},
  pages =        {57},
}

@ARTICLE{Fazio2004,
  author =       {Fazio},
  title =        {to do},
  journal =      {AA},
  year =         {0},
  volume =       {0},
  pages =        {0},
}

@ARTICLE{Gutermuth2009,
  author =       {Gutermuth},
  title =        {to do},
  journal =      {AA},
  year =         {0},
  volume =       {0},
  pages =        {0},
}


@ARTICLE{Helfand2006,
  author =       {Helfand},
  title =        {to do},
  journal =      {AA},
  year =         {0},
  volume =       {0},
  pages =        {0},
}

@ARTICLE{Hosokawa2005,
  author =       {Hosokawa},
  title =        {to do},
  journal =      {AA},
  year =         {0},
  volume =       {0},
  pages =        {0},
}

@ARTICLE{Hosokawa2006,
  author =       {Hosokawa},
  title =        {to do},
  journal =      {AA},
  year =         {0},
  volume =       {0},
  pages =        {0},
}

@ARTICLE{Kauffmann2008,
  author =       {Kendrew},
  title =        {to do},
  journal =      {APJ},
  year =         {0},
  volume =       {0},
  pages =        {0},
}

@ARTICLE{Kendrew2012,
  author =       {Kendrew},
  title =        {to do},
  journal =      {APJ},
  year =         {0},
  volume =       {0},
  pages =        {0},
}

@ARTICLE{Lada1977,
  author =       {Lada},
  title =        {to do},
  journal =      {APJ},
  year =         {0},
  volume =       {0},
  pages =        {0},
}

@ARTICLE{Lefloch1994,
  author =       {Lefloch},
  title =        {to do},
  journal =      {APJ},
  year =         {0},
  volume =       {0},
  pages =        {0},
}

@ARTICLE{Liu2012,
  author =       {Liu},
  title =        {to do},
  journal =      {APJ},
  year =         {0},
  volume =       {0},
  pages =        {0},
}

@ARTICLE{Liu2013,
  author =       {Liu},
  title =        {to do},
  journal =      {APJ},
  year =         {0},
  volume =       {0},
  pages =        {0},
}

@ARTICLE{Liu2015,
  author =       {Liu},
  title =        {to do},
  journal =      {APJ},
  year =         {0},
  volume =       {0},
  pages =        {0},
}


@ARTICLE{Lada2003,
  author =       {Lada},
  title =        {to do},
  journal =      {APJ},
  year =         {2003},
  volume =       {0},
  pages =        {0},
}

@ARTICLE{Morgan2010,
  author =       {Morgan},
  title =        {to do},
  journal =      {APJ},
  year =         {2003},
  volume =       {0},
  pages =        {0},
}

@ARTICLE{Pety2005,
  author =       {Pety},
  title =        {to do},
  journal =      {APJ},
  year =         {2003},
  volume =       {0},
  pages =        {0},
}

@ARTICLE{Pomares2009,
  author =       {Pomares},
  title =        {to do},
  journal =      {APJ},
  year =         {2003},
  volume =       {0},
  pages =        {0},
}

@ARTICLE{Reich1990,
  author =       {Reich},
  title =        {to do},
  journal =      {APJ},
  year =         {2003},
  volume =       {0},
  pages =        {0},
}

@ARTICLE{Rieke2004,
  author =       {Rieke},
  title =        {to do},
  journal =      {APJ},
  year =         {2003},
  volume =       {0},
  pages =        {0},
}

@ARTICLE{Sadavoy2013,
  author =       {Sadavoy},
  title =        {to do},
  journal =      {APJ},
  year =         {2003},
  volume =       {0},
  pages =        {0},
}


@ARTICLE{Samal2014,
  author =       {Samal},
  title =        {to do},
  journal =      {APJ},
  year =         {2003},
  volume =       {0},
  pages =        {0},
}

@ARTICLE{Smith2008,
  author =       {Samal},
  title =        {to do},
  journal =      {APJ},
  year =         {2003},
  volume =       {0},
  pages =        {0},
}

@ARTICLE{Skrutskie2006,
  author =       {Skrutskie},
  title =        {to do},
  journal =      {APJ},
  year =         {2003},
  volume =       {0},
  pages =        {0},
}

@ARTICLE{Sugitani1991,
  author =       {Sugitani},
  title =        {to do},
  journal =      {APJ},
  year =         {2003},
  volume =       {0},
  pages =        {0},
}

@ARTICLE{Sugitani1994,
  author =       {Sugitani},
  title =        {to do},
  journal =      {APJ},
  year =         {2003},
  volume =       {0},
  pages =        {0},
}


@ARTICLE{Thompson2012,
  author =       {Thompson},
  title =        {to do},
  journal =      {APJ},
  year =         {0},
  volume =       {0},
  pages =        {0},
}

@ARTICLE{Ulich1976,
  author =       {Ulich},
  title =        {to do},
  journal =      {APJ},
  year =         {0},
  volume =       {0},
  pages =        {0},
}

@ARTICLE{Urquhart2004,
  author =       {Urquhart},
  title =        {to do},
  journal =      {APJ},
  year =         {0},
  volume =       {0},
  pages =        {0},
}

@ARTICLE{Urquhart2006,
  author =       {Urquhart},
  title =        {to do},
  journal =      {APJ},
  year =         {0},
  volume =       {0},
  pages =        {0},
}

@ARTICLE{Urquhart2007,
  author =       {Urquhart},
  title =        {to do},
  journal =      {APJ},
  year =         {0},
  volume =       {0},
  pages =        {0},
}

@ARTICLE{Werner2004,
  author =       {Werner},
  title =        {to do},
  journal =      {APJ},
  year =         {0},
  volume =       {0},
  pages =        {0},
}

@ARTICLE{Willis2013,
  author =       {Williams},
  title =        {to do},
  journal =      {APJ},
  year =         {0},
  volume =       {0},
  pages =        {0},
}

@ARTICLE{Williams1994,
  author =       {Williams},
  title =        {to do},
  journal =      {APJ},
  year =         {0},
  volume =       {0},
  pages =        {0},
}

@ARTICLE{Williams2010,
  author =       {Williams},
  title =        {to do},
  journal =      {APJ},
  year =         {0},
  volume =       {0},
  pages =        {0},
}

@ARTICLE{yuan2015,
  author =       {Liu},
  title =        {to do},
  journal =      {APJ},
  year =         {0},
  volume =       {0},
  pages =        {0},
}

@ARTICLE{Zavagno2010,
  author =       {Liu},
  title =        {to do},
  journal =      {APJ},
  year =         {0},
  volume =       {0},
  pages =        {0},
}
